@book{cmiral,
  author    = {Cmíral, Adolf a Pilka Jiří},
  title     = {Základní pojmy hudební},
  publisher = {Supraphon},
  year      = {1974},
  url       = {https://dnnt.mzk.cz/uuid/uuid:cb736220-216c-11e6-8d01-005056827e52}
}

@book{kofron,
  author    = {Kofroň, Jaroslav },
  title     = {Učebnice harmonie},
  publisher = {Bärenreiter Praha },
  edition   = {1},
  year      = {2015},
  isbn      = {978-80-86385-16-7}
}

@misc{orientaceNaKlaviature,
  title   = {Orientace na klaviatuře i ve dvě v noci},
  url     = {http://pianoforte.cz/pevne-zaklady/orientace-na-klaviature-i-ve-dve-v-noci/},
  journal = {Orientace na klaviatuře i ve dvě v noci " pianoFORTE.cz},
  year    = {2010},
  month   = {Mar}
}

 @book{zenkl,
  author    = {Zenkl, Luděk},
  title     = {ABC hudební nauky},
  publisher = {Supraphon},
  year      = {2003},
  isbn      = {80-86385-21-3}
} 